% Referencing a webpage
% @misc{functional_programming_in_d,
% 	author = {Andreas Zwinkau},
% 	title = {Functional Programming with D},
% 	year = {2013},
% 	howpublished = {\url{http://beza1e1.tuxen.de/articles/functional_D.html}},
% }

@misc{definicion_irpf,
	title = {Definicion IRPF},
	howpublished = {\url{https://debitoor.es/glosario/definicion-irpf}}
}

@misc{hpi,
	title = {Happy Planet Index},
	howpublished = {\url{https://en.wikipedia.org/wiki/Happy_Planet_Index}}
}

@misc{luxembourgh_high_gdp,
	title = {Why does Luxenbourgh have the highest GDP per capita in
    the world?},
	howpublished = {\url{https://www.quora.com/Why-does-Luxembourg-have-the-highest-GDP-per-capita-in-the-world}}
}


@misc{progressive_tax,
	title = {Progressive tax},
	howpublished = {\url{https://en.wikipedia.org/wiki/Progressive_tax}}
}

@misc{eleconomista_rendimiento_capital,
   title = {Como hay que declarar los rendimientos de capital mobiliario},
   howpublished = {\url{http://www.eleconomista.es/economia/noticias/7450695/03/16/Renta-2015-como-hay-que-declarar-los-rendimientos-de-capital-mobiliario.html}}
}

@misc{sii_preguntas_frecuentes,
   title = {Preguntas frecuentes renta taxis},
   howpublished = {\url{http://www.sii.cl/preguntas_frecuentes/renta/001_002_2711.htm}}
}

@misc{asesor_contable_iva,
   title = {El IVA en la compra-venta de veh√≠culos},
   howpublished = {\url{http://asesor-contable.es/iva_compra_venta_vehiculos/}}
}

