@book{trans_t_2,
	author = {Departament d'EEE},
	title = {
    Tema 2: Especialización, Intercambio y Dinero:
    Las características de un sistema monetario},
}

@misc{funcas,
    author    = "FUNCAS",
    title     = "Principales Indicadores de la economía española. Resumen",
    url       = "https://www.funcas.es/Indicadores/Indicadores.aspx?file=1"
}
