@misc{currency_value,
 	author = {Sairaj Shirole et al.},
 	title = {On what does the currency value depend?},
 	howpublished = {\url{https://www.quora.com/On-what-does-the-currency-value-depend}},
}

@misc{crowding_out,
 	author = {Wikipedia},
 	title = {Crowding out (economics)},
 	year = {2017},
 	howpublished = {\url{https://en.wikipedia.org/wiki/Crowding_out_(economics)}},
}


@misc{types_of_economic_policy,
 	author = {Manzur Rashid, Peter Antonioni},
 	title = {Understanding Types of Economic Policy},
 	howpublished = {\url{http://www.dummies.com/education/economics/understanding-types-of-economic-policy/}},
}


@misc{selling_debt,
 	author = {Divyanth Jayaraj et al.},
 	title = {What does "selling debt" mean?},
 	howpublished = {\url{https://www.quora.com/What-does-selling-debt-mean}},
}

@misc{fisher_equation,
 	author = {Wikipedia},
 	title = {Fisher equation},
 	year = {2017},
 	howpublished = {\url{https://en.wikipedia.org/wiki/Fisher_equation}},
}
