@book{the_d_programming_language,
	author = {Andrei Alexandrescu},
	title = {The D Programming Language},
	publisher = {Addison-Wesley},
	year = {2010},
}

@misc{functional_programming_in_d,
	author = {Andreas Zwinkau},
	title = {Functional Programming with D},
	year = {2013},
	howpublished = {\url{http://beza1e1.tuxen.de/articles/functional_D.html}},
}

@misc{type_qualifiers_in_d,
	organization = {The D Language Foundation},
	title = {Type Qualifiers},
	howpublished = {\url{http://dlang.org/spec/const3.html}},
}

@misc{memory_safety_in_d,
	organization = {The D Language Foundation},
	title = {Memory safe D},
	howpublished = {\url{https://dlang.org/spec/memory-safe-d.html}},
}


@misc{interface_to_c,
	organization = {The D Language Foundation},
	title = {Interface to C},
	howpublished = {\url{https://dlang.org/spec/interfaceToC.html}},
}

@misc{d_lang_page,
	organization = {The D Language Foundation},
	title = {Home - D Programming Language},
	howpublished = {\url{https://dlang.org/}},
}

@misc{d_change_log,
	organization = {Digital Mars},
	title = {D Change Log to Nov 7 2005},
	howpublished = {\url{http://www.digitalmars.com/d/1.0/changelog1.html}},
}

@misc{comparison_by_type,
	organization = {Wikimedia Foundation, Inc.},
	title = {Comparison of programming languages by type system},
	howpublished = {\url{https://en.wikipedia.org/wiki/Comparison_of_programming_languages_by_type_system}},
}

@misc{orgs_using_d,
	organization = {The D Language Foundation},
	title = {Organizations using the D Language},
	howpublished = {\url{https://dlang.org/orgs-using-d.html}},
}

@misc{areas_of_d_usage,
	organization = {The D Language Foundation},
	title = {Areas of D usage},
	howpublished = {\url{https://dlang.org/areas-of-d-usage.html}},
}

@misc{iasm,
	organization = {The D Language Foundation},
	title = {Inline Assembler},
	howpublished = {\url{https://dlang.org/spec/iasm.html}},
}

@article{watson_ethan_d,
  author = {Ethan Watson},
	organization = {Remedy Entertainment},
  title = {Quantum Break: AAA Gaming With Some D Code},
  year = {2016},
  howpublished = {\url{http://dconf.org/2016/talks/watson.html}},
}

@misc{gui_libraries,
	organization = {The D Language Foundation},
	title = {GUI Libraries},
	howpublished = {\url{https://wiki.dlang.org/GUI_Libraries}},
}

@misc{wikipedia_page,
	organization = {Wikimedia Foundation, Inc.},
	title = {D (programming language)},
	howpublished = {\url{https://en.wikipedia.org/wiki/D_(programming_language)}},
}

@misc{excited_about_d,
	author = {Adam Hawkins},
	title = {Excited About D},
	year = {2015},
	howpublished = {\url{http://hawkins.io/2015/04/excited-about-d/}},
}
