@misc{10_startups,
 	author = {Entrepreneur},
 	title = {10 Up-And-Coming Startups You Need to Know About},
 	year = {2015},
 	howpublished = {\url{https://youtu.be/tpDm4lLMBs0}},
 }

@misc{the_grid_better,
 	author = {Ben Moss},
 	title = {Is the Grid a Better Web Designer Than You?},
 	year = {2014},
 	howpublished = {\url{https://www.webdesignerdepot.com/2014/12/is-the-grid-a-better-web-designer-than-you/}},
 }

@misc{website_ai,
 	author = {Chris Lema},
 	title = {Has Website AI Arrived?},
 	year = {2016},
 	howpublished = {\url{http://chrislema.com/website-ai-arrived/}},
 }

