@misc{ashley,
  author = {Ashley},
  title = {A Teaching with Technology White Paper: Collaboration Tools},
  howpublished = "\url{https://www.cmu.edu/teaching/technology/whitepapers/CollaborationTools_Jan09.pdf}",
  year = {2016}, 
}

A Teaching with Technology White Paper: Collaboration Tools - Ashley Deal
An Evaluation of the Impact of Remote Collaboration Tools on Corporate 
Sustainability - Jeannette Shaw, Ah-Lian Kor, Colin Pattinson
A Manifesto for Collaborative Tools - Eugene Eric Kim
The Many Forms of E-Collaboration: Blogs, Wikis, Portals, Groupware, Discussion Boards, and Instant Messaging - Darlene Fichter
6 ways collaboration can boost sustainability - Laura Gitman

@misc{rob,
  author = {Rob Cross and Reb Rebele and Adam Grant},
  title = {Collaborative Overload},
  howpublished = "\url{https://hbr.org/2016/01/collaborative-overload}",
  year = {2016}, 
}

https://hbr.org/2016/01/collaborative-overload

@misc{canal,
  author = {Canal Innova},
  title = {El aprendizaje colaborativo en e-learning},
  howpublished = "\url{http://www.innovacionycualificacion.com/blog/aprendizaje-colaborativo-elearning}",
  year = {2016}, 
}
http://www.innovacionycualificacion.com/blog/aprendizaje-colaborativo-elearning

@misc{ram,
  author = {Ram Nidumolu and Jib Ellison and John Whalen and Erin Billman},
  title = {The Collaboration Imperative},
  howpublished = "\url{https://hbr.org/2014/04/the-collaboration-imperative-2}",
  year = {2014}, 
}

The Collaboration Imperative - Ram Nidumolu Jib Ellison John Whalen Erin Billman
https://hbr.org/2016/01/collaborative-overload
http://www.meta4.es/portfolio-items/hrmeta4-18-millones-de-empleados-al-servicio-de-los-rrhh/
http://www.economiaynegocios.cl/noticias/noticias.asp?id=417392
5 online tools for activism: http://mashable.com/2011/07/15/online-tools-activism/#CovaPYey35qF
The twitter revolution https://en.wikipedia.org/wiki/Twitter_Revolution
Apps for collaboration https://www.softwareadvice.com/resources/workplace-collaboration-tools-for-smbs/
Collaborative working boosts morale https://www.theguardian.com/sustainable-business/waggener-edstrom-collaborative-working-boosts-morale
The Benefits of a collaborative workplace https://www.coalesse.com/blog/the-benefits-of-a-collaborative-workplace/
Microsoft: How Microsoft is Empowering Workplaces for Better Collaboration: https://blogs.microsoft.com/green/2016/03/28/how-microsoft-is-empowering-a-modern-sustainable-workplace/
Top 10 NGOS http://www.miratelinc.com/blog/10-top-ngo-from-the-global-journal-100-best-list-2013/
Top 10 collab tools for NGOS http://www.socialbrite.org/2011/06/02/10-top-collaboration-tools-for-your-organization/

@misc{adam,
  author = {Adam Preset and Achint Aggarwal and Monica Basso },
  title = {Market Guide for Enterprise Mobile Messaging},
  howpublished = "\url{https://www.gartner.com/doc/3088617/market-guide-enterprise-mobile-messaging}",
  year = {2015}, 
}

https://www.gartner.com/doc/3088617/market-guide-enterprise-mobile-messaging

@misc{ceb,
  author = {CEB},
  title = {CEB's Executive Guidance},
  howpublished = "\url{https://www.cebglobal.com/top-insights/executive-guidance/editions/archive/form-download.html}",
  year = {2015}, 
}

https://www.cebglobal.com/top-insights/executive-guidance/editions/archive/form-download.html

@misc{zeus,
  author = {Zeus Kerravala},
  title = {Todayâ€™s Workers Require a New Way to Work with Their Teams},
  howpublished = "\url{https://www.cisco.com/c/dam/en/us/solutions/collateral/collaboration/cloud-collaboration/requirements-for-todays-workers.pdf}",
  year = {2014}, 
}

https://www.cisco.com/c/dam/en/us/solutions/collateral/collaboration/cloud-collaboration/requirements-for-todays-workers.pdf

@misc{david,
  author = {David Coleman},
  title = {Why videoconferencing is critical to business collaboration },
  howpublished = "\url{https://gigaom.com/report/why-videoconferencing-is-critical-to-business-collaboration/  }",
  year = {2015}, 
}

https://gigaom.com/report/why-videoconferencing-is-critical-to-business-collaboration/

@misc{forrester,
  title = {Forrester Report},
  howpublished = "\url{https://www.forrester.com/report/2018+US+Tech+Budget+Outlook+Growth+Will+Accelerate+To+Almost+6/-/E-RES141177}",
  year = {2017}, 
}

https://go.forrester.com/

@misc{frost,
  author = {Frost and Sullivan},
  title = {Growth, Innovation and Leadership Awards},
  howpublished = "\url{https://ww2.frost.com/news/press-releases/frost-sullivan-presents-2014-growth-innovation-leadership-awards/}",
  year = {2014}, 
}

https://go.forrester.com/

@misc{ibm,
  author = {IBM},
  title = {C-suite Leaders Look to Customers to Steer Business Strategy},
  howpublished = "\url{http://www-03.ibm.com/press/us/en/pressrelease/42134.wss}",
  year = {2013}, 
}

http://www-03.ibm.com/press/us/en/pressrelease/42134.wss

@misc{adrianne,
  author = {Adrianne Bibby},
  title = {How Working Remotely Reduces Carbon Footprints at Major Corporations},
  howpublished = "\url{https://remote.co/how-working-remotely-reduces-carbon-footprints-at-major-corporations/}",
  year = {2015}, 
}

https://remote.co/how-working-remotely-reduces-carbon-footprints-at-major-corporations/

@misc{megan,
  author = {Megan Garber},
  title = {It Takes More Than 3 Gallons of Water to Make a Single Sheet of Paper},
  howpublished = "\url{https://www.theatlantic.com/technology/archive/2012/06/it-takes-more-than-3-gallons-of-water-to-make-a-single-sheet-of-paper/258838/}",
  year = {2012}, 
}
