% @misc{
% 	roleplayingasatool,
% 		author  = "Karolina Krolikowska and others",
% 		title   = "Role-playing simulation as a
% 			communication tool in community dialogue",
% 		publisher = "Sage Publications",
% 		year    = "2007",
% 		journal = "Simulation and Gaming",
% 		howpublished = {\url{https://www.stateofglobalair.org/sites/default/files/SoGA2017_report.pdf}}
% }
