% Referencing a book
@book{the_d_programming_language,
	author = {Andrei Alexandrescu},
	title = {The D Programming Language},
	publisher = {Addison-Wesley},
	year = {2010},
}

@misc{poor_people_fast_food,
  author = {Ethan Wolff-Mann},
	organization = {TIME},
  title = {No, Poor People Do Not Eat More Fast Food},
  year = {2015},
  howpublished = {\url{http://time.com/money/4044292/no-poor-people-do-not-eat-more-fast-food/}},
}
